<?xml version="1.0" encoding="UTF-8"?>
<Document xmlns="urn:iso:std:iso:20022:tech:xsd:camt.054.001.04">
    <BkToCstmrDbtCdtNtfctn>
        <GrpHdr>
            <MsgId>2020010300144964</MsgId>
            <CreDtTm>2020-01-03T09:52:23</CreDtTm>
            <MsgPgntn>
                <PgNb>1</PgNb>
                <LastPgInd>true</LastPgInd>
            </MsgPgntn>
        </GrpHdr>
        <Ntfctn>
            <Id>343848787794983777</Id>
            <ElctrncSeqNb>1</ElctrncSeqNb>
            <CreDtTm>2020-01-03T09:52:23</CreDtTm>
            <FrToDt>
                <FrDtTm>2019-07-06T00:00:00</FrDtTm>
                <ToDtTm>2020-01-03T09:52:23</ToDtTm>
            </FrToDt>
            <RptgSrc>
                <Prtry>OTHR</Prtry>
            </RptgSrc>
            <Acct>
                <Id>
                    <IBAN>BE39849387348358</IBAN>
                </Id>
                <Ccy>CHF</Ccy>
                <Ownr>
                    <Nm>XXXXXXX-YY-XYXY98</Nm>
                    <PstlAdr>
                        <AdrLine>0987 BGL</AdrLine>
                    </PstlAdr>
                </Ownr>
                <Svcr>
                    <FinInstnId>
                        <BICFI>KIUHBDDD</BICFI>
                        <Nm>AAAAAA</Nm>
                    </FinInstnId>
                </Svcr>
            </Acct>
            <Ntry>
                <NtryRef>09876544</NtryRef>
                <Amt Ccy="CHF">098.4</Amt>
                <CdtDbtInd>CRDT</CdtDbtInd>
                <RvslInd>false</RvslInd>
                <Sts>BOOK</Sts>
                <BookgDt>
                    <Dt>2020-01-03</Dt>
                </BookgDt>
                <ValDt>
                    <Dt>2020-01-03</Dt>
                </ValDt>
                <BkTxCd>
                    <Domn>
                        <Cd>PMNT</Cd>
                        <Fmly>
                            <Cd>RCDT</Cd>
                            <SubFmlyCd>VCOM</SubFmlyCd>
                        </Fmly>
                    </Domn>
                </BkTxCd>
                <NtryDtls>
                    <Btch>
                        <NbOfTxs>1</NbOfTxs>
                        <TtlAmt Ccy="CHF">3424.6</TtlAmt>
                        <CdtDbtInd>CRDT</CdtDbtInd>
                    </Btch>
                    <TxDtls>
                        <Refs>
                            <AcctSvcrRef>KF20200103/969989/1</AcctSvcrRef>
                            <EndToEndId>NOTPROVIDED</EndToEndId>
                            <TxId>09876GTYHF98</TxId>
                        </Refs>
                        <Amt Ccy="CHF">1111</Amt>
                        <CdtDbtInd>CRDT</CdtDbtInd>
                        <AmtDtls>
                            <InstdAmt>
                            <Amt Ccy="CHF">1111</Amt>
                            </InstdAmt>
                        </AmtDtls>
                        <BkTxCd>
                            <Domn>
                                <Cd>PMNT</Cd>
                                <Fmly>
                                    <Cd>RCDT</Cd>
                                    <SubFmlyCd>BCOM</SubFmlyCd>
                                </Fmly>
                            </Domn>
                        </BkTxCd>
                        <RltdPties>
                            <Dbtr>
                                <Nm>YYYYYYYYYY</Nm>
                                <PstlAdr>
                                    <StrtNm>-</StrtNm>
                                    <PstCd>13444</PstCd>
                                    <TwnNm>aaaaa</TwnNm>
                                    <Ctry>CH</Ctry>
                                </PstlAdr>
                            </Dbtr>
                            <DbtrAcct>
                                <Id>
                                    <IBAN>NO1234567890123</IBAN>
                                </Id>
                            </DbtrAcct>
                            <Cdtr>
                                <Nm>zzzzzzzzzz</Nm>
                                <PstlAdr>
                                    <AdrLine>8732 chennai</AdrLine>
                                </PstlAdr>
                            </Cdtr>
                        </RltdPties>
                        <RltdAgts>
                            <DbtrAgt>
                                <FinInstnId>
                                    <BICFI>FEWDGGHGTXX</BICFI>
                                </FinInstnId>
                            </DbtrAgt>
                        </RltdAgts>
                        <RmtInf>
                            <Strd>
                                <CdtrRefInf>
                                    <Tp>
                                        <CdOrPrtry>
                                            <Prtry>ISO Reference</Prtry>
                                        </CdOrPrtry>
                                    </Tp>
                                    <Ref>872862527847655888766</Ref>
                                </CdtrRefInf>
                            </Strd>
                        </RmtInf>
                        <AddtlTxInf>xxxxxxxxx HBHU 93784862764625462456254645</AddtlTxInf>
                    </TxDtls>
                </NtryDtls>
                <AddtlNtryInf>aaaaaaa HBHU</AddtlNtryInf>
            </Ntry>
        </Ntfctn>
    </BkToCstmrDbtCdtNtfctn>
</Document>