<?xml version="1.0" encoding="UTF-8"?>
<Document xmlns:xsi="http://www.w3.org/2001/XMLSchema-instance" xmlns="urn:iso:std:iso:20022:tech:xsd:camt.053.001.02">
	<BkToCstmrStmt>
		<GrpHdr>
			<MsgId>AAAASESS-FP-STAT001</MsgId>
			<CreDtTm>2019-01-10T17:00:00+01:00</CreDtTm>
			<MsgPgntn>
				<PgNb>1</PgNb>
				<LastPgInd>true</LastPgInd>
			</MsgPgntn>
		</GrpHdr>
		<Stmt>
			<Id>AAAASESS-FP-STAT001</Id>
			<CreDtTm>2019-06-10T17:00:00+01:00</CreDtTm>
			<FrToDt>
				<FrDtTm>2019-06-01T08:00:00+01:00</FrDtTm>
				<ToDtTm>2019-06-10T17:00:00+01:00</ToDtTm>
			</FrToDt>
			<Acct>
				<Id>
					<Othr>
						<Id>50000000054910000003</Id>
					</Othr>
				</Id>
				<Ownr>
					<Nm>FINPETROL</Nm>
				</Ownr>
				<Svcr>
					<FinInstnId>
						<Nm>AAAA BANKEN</Nm>
						<PstlAdr>
							<Ctry>SE</Ctry>
						</PstlAdr>
					</FinInstnId>
				</Svcr>
			</Acct>
			<Bal>
				<Tp>
					<CdOrPrtry>
						<Cd>OPBD</Cd>
					</CdOrPrtry>
				</Tp>
				<Amt Ccy="USD">10000</Amt>
				<CdtDbtInd>CRDT</CdtDbtInd>
				<Dt>
					<Dt>2019-06-01</Dt>
				</Dt>
			</Bal>
			<Bal>
				<Tp>
					<CdOrPrtry>
						<Cd>CLBD</Cd>
					</CdOrPrtry>
				</Tp>
				<Amt Ccy="USD">40000</Amt>
				<CdtDbtInd>CRDT</CdtDbtInd>
				<Dt>
					<Dt>2019-06-01</Dt>
				</Dt>
			</Bal>
			<Ntry>
				<NtryRef>Ref-1900</NtryRef>
				<Amt Ccy="USD">30000</Amt>
				<CdtDbtInd>CRDT</CdtDbtInd>
				<Sts>BOOK</Sts>
				<BookgDt>
					<DtTm>2019-06-01T13:15:00+01:00</DtTm>
				</BookgDt>
				<ValDt>
					<Dt>2019-06-01</Dt>
				</ValDt>
				<BkTxCd/>
				<NtryDtls>
					<TxDtls>
						<RltdPties>
							<Dbtr>
								<Nm>Payee1</Nm>
							</Dbtr>
						</RltdPties>
					</TxDtls>
				</NtryDtls>
				<AddtlNtryInf>Description 1</AddtlNtryInf>
			</Ntry>
			<Ntry>
				<NtryRef>Ref-3100</NtryRef>
				<Amt Ccy="USD">10000</Amt>
				<CdtDbtInd>DBIT</CdtDbtInd>
				<Sts>BOOK</Sts>
				<BookgDt>
					<DtTm>2019-06-02T10:15:00+01:00</DtTm>
				</BookgDt>
				<ValDt>
					<Dt>2019-06-02</Dt>
				</ValDt>
				<AcctSvcrRef>AAAASESS-FP-ACCR-01</AcctSvcrRef>
				<BkTxCd/>
				<NtryDtls>
					<TxDtls>
						<RltdPties>
							<Cdtr>
								<Nm>Payee 2</Nm>
							</Cdtr>
						</RltdPties>
					</TxDtls>
				</NtryDtls>
				<AddtlNtryInf>Description 2</AddtlNtryInf>
			</Ntry>
			<Ntry>
				<Amt Ccy="USD">10000</Amt>
				<CdtDbtInd>CRDT</CdtDbtInd>
				<Sts>BOOK</Sts>
				<BookgDt>
					<DtTm>2019-06-03T15:15:00+01:00</DtTm>
				</BookgDt>
				<ValDt>
					<Dt>2019-06-03</Dt>
				</ValDt>
				<AcctSvcrRef>AAAASESS-FP-CONF-FX</AcctSvcrRef>
				<BkTxCd/>
				<NtryDtls>
					<TxDtls>
						<RltdPties>
							<Dbtr>
								<Nm>Payee 3</Nm>
							</Dbtr>
						</RltdPties>
					</TxDtls>
				</NtryDtls>
				<AddtlNtryInf>Description 3</AddtlNtryInf>
			</Ntry>
		</Stmt>
	</BkToCstmrStmt>
</Document>